@inproceedings{Burns:2013:SCM:2547348.2547350,
 author = {Burns, A. and Wellings, A. J.},
 title = {A Schedulability Compatible Multiprocessor Resource Sharing Protocol -- MrsP},
 booktitle = {Proceedings of the 2013 25th Euromicro Conference on Real-Time Systems},
 series = {ECRTS '13},
 year = {2013},
 isbn = {978-0-7695-5054-1},
 pages = {282--291},
 numpages = {10},
 url = {http://dx.doi.org/10.1109/ECRTS.2013.37},
 doi = {10.1109/ECRTS.2013.37},
 acmid = {2547350},
 publisher = {IEEE Computer Society},
 address = {Washington, DC, USA},
 keywords = {real-time systems, mulltiprocessor systems, locking protocols},
}

@phdthesis{BBBThesis,
 author = {Brandenburg, Björn B.},
 title = {Scheduling and Locking in Multiprocessor Real-Time Operating Systems},
 year = {2011},
 pages = {21,60,61},
 school = {The University of North Carolina at Chapel Hill},
}

@INPROCEEDINGS{Brandenburg07feather-trace:a,
    author = {Björn B. Brandenburg and James H},
    title = {Feather-trace: A light-weight event tracing toolkit},
    booktitle = {In Proceedings of the Third International Workshop on Operating Systems Platformsfor Embedded Real-Time Applications (OSPERT'07},
    year = {2007},
    pages = {61--70}
}

@inproceedings{Brandenburg:2008:RSM:1440456.1440601,
 author = {Brandenburg, Bj\"{o}rn B. and Calandrino, John M. and Block, Aaron and Leontyev, Hennadiy and Anderson, James H.},
 title = {Real-Time Synchronization on Multiprocessors: To Block or Not to Block, to Suspend or Spin?},
 booktitle = {Proceedings of the 2008 IEEE Real-Time and Embedded Technology and Applications Symposium},
 series = {RTAS '08},
 year = {2008},
 isbn = {978-0-7695-3146-5},
 pages = {342--353},
 numpages = {12},
 url = {http://dx.doi.org/10.1109/RTAS.2008.27},
 doi = {10.1109/RTAS.2008.27},
 acmid = {1440601},
 publisher = {IEEE Computer Society},
 address = {Washington, DC, USA},
} 

@article{Liu:1973:SAM:321738.321743,
 author = {Liu, C. L. and Layland, James W.},
 title = {Scheduling Algorithms for Multiprogramming in a Hard-Real-Time Environment},
 journal = {J. ACM},
 issue_date = {Jan. 1973},
 volume = {20},
 number = {1},
 month = jan,
 year = {1973},
 issn = {0004-5411},
 pages = {46--61},
 numpages = {16},
 url = {http://doi.acm.org/10.1145/321738.321743},
 doi = {10.1145/321738.321743},
 acmid = {321743},
 publisher = {ACM},
 address = {New York, NY, USA},
} 